@article{vatistas1986reverse,
  title     = {Reverse Flow Radius in Vortex Chambers},
  author    = {Vatistas, G H and Lin, S and Kwok, C K},
  journal   = {AIAA Journal},
  volume    = {24},
  number    = {11},
  pages     = {1872, 1873},
  year      = {1986},
  publisher = {American Institute of Aeronautics and Astronautics},
  doi       = {10.2514/3.13046}
}

@article{dornheim1996planetary,
  title     = {Planetary Flight Surge Faces Budget Realities},
  author    = {Dornheim, Michael A},
  journal   = {Aviation Week \& Space Technology},
  volume    = {145},
  number    = {24},
  pages     = {44--46},
  year      = {1996}
}

@article{terster1997nasa,
  title     = {NASA Considers Switch to Delta 2},
  author    = {Terster, W},
  journal   = {Space News},
  volume    = {8},
  number    = {2},
  pages     = {13--19},
  year      = {1997}
}

@inbook{peyret2012computational,
  title     = {Computational Methods for Fluid Flow},
  edition   = {2},
  author    = {Peyret, Roger and Taylor, Thomas D},
  year      = {1983},
  publisher = {Springer-Verlag},
  address   = {New York},
  chapter   = {7, 14}
}

@inbook{oates1997aerothermodynamics,
  title     = {Aerothermodynamics of Gas Turbine and Rocket Propulsion},
  series    = {AIAA Education Series},
  editor    = {Oates, Gordon C},
  year      = {1984},
  publisher = {AIAA},
  address   = {New York},
  pages     = {19, 136},
}

@incollection{volpe1994techniques,
  title     = {Techniques for Collision Prevention, Impact Stability, and Force Control by Space Manipulators},
  author    = {Volpe, Richard},
  booktitle = {Teleoperation and Robotics in Space},
  series    = {Progress in Astronautics and Aeronautics},
  editor    = {S. B. Skaar and C. F. Ruoff},
  pages     = {175--212},
  year      = {1994},
  publisher = {AIAA},
  address   = {Washington, DC}
}

@inproceedings{thompsonspacecraft,
  title     = {Spacecraft Thermal Control, Design, and Operation},
  author    = {Thompson, C M},
  booktitle = {AIAA Guidance, Navigation, and Control Conference},
  series    = {CP849},
  volume    = {1},
  year      = {1989},
  pages     = {103--115},
  publisher = {AIAA},
  address   = {Washington, DC}
}

@proceedings{chi1993fluid,
  title     = {Fluid Mechanics Proceedings},
  editor    = {Chi, Y},
  series    = {NASA SP-255},
  year      = {1993}
}

@article{brandis2016nonequi,
  title     = {Nonequilibrium Radiation for Earth Entry},
  author    = {Aaron M. Brandis and Christopher O. Johnston and Brett A. Cruden},
  journal   = {AIAA Paper 2016--3690},
  year      = {June 2016},
  doi       = {10.2514/6.2016-3690}
}

@article{dahm2023project,
  title     = {MAE 563 Project Assignment},
  author    = {Werner J.A. Dahm},
  year      = {December 2023},
  school    = {Arizona State University},
  address   = {Tempe, AZ},
  url       = {https://canvas.asu.edu/courses/160837/files/74748462/download}
}

@book{hill1992propulsion,
  title     = {Mechanics and Thermodynamics of Propulsion},
  author    = {Philip G. Hill and Carl R. Peterson},
  year      = {1992},
  edition   = {2nd},
  address   = {Reading, MA},
  publisher = {Addison-Wesley}
}

@unpublished{porembski2024github,
  author    = {Stanley Porembski},
  title     = {Ram/Scramjet Analysis Tool},
  year      = {2024},
  url       = {https://github.com/storiedmoss153/MAE-563-Air-Prop-Project.git}
}